@incollection {tutorial,
   author = {Milner, Robin},
   affiliation = {University of Edinburgh Laboratory for the Foundations of Computer Science Department of Computer Science The King's Buildings EH9 3JZ Edinburgh UK The King's Buildings EH9 3JZ Edinburgh UK},
   title = {The polyadic p-calculus},
   booktitle = {CONCUR '92},
   series = {Lecture Notes in Computer Science},
   editor = {Cleaveland, W.R.},
   publisher = {Springer Berlin / Heidelberg},
   isbn = {978-3-540-55822-4},
   keyword = {Computer Science},
   pages = {1-1},
   volume = {630},
   url = {http://dx.doi.org/10.1007/BFb0084778},
   note = {10.1007/BFb0084778},
   year = {1992}
}